<record><leader>00000cas a22000007a 4500</leader><controlfield tag="001">10621570</controlfield><controlfield tag="008">840412d18651869wiuwr ne      0   a0eng d</controlfield><datafield ind1=" " ind2=" " tag="010"><subfield code="a">sn 84025775 </subfield></datafield><datafield ind1=" " ind2=" " tag="040"><subfield code="a">NPV</subfield><subfield code="b">eng</subfield><subfield code="c">NPV</subfield><subfield code="d">OCLCQ</subfield></datafield><datafield ind1=" " ind2=" " tag="042"><subfield code="a">msc</subfield></datafield><datafield ind1=" " ind2=" " tag="043"><subfield code="a">n-us-wi</subfield></datafield><datafield ind1="0" ind2="0" tag="245"><subfield code="a">La Fayette Co. union.</subfield></datafield><datafield ind1="3" ind2="0" tag="246"><subfield code="a">Lafayette Co. union</subfield></datafield><datafield ind1=" " ind2=" " tag="260"><subfield code="a">Darlington, La Fayette Co., Wis. :</subfield><subfield code="b">Duncan &amp; Dickinson</subfield></datafield><datafield ind1=" " ind2=" " tag="300"><subfield code="a">v. :</subfield><subfield code="b">ill. (chiefly advertisements)</subfield></datafield><datafield ind1=" " ind2=" " tag="310"><subfield code="a">Weekly</subfield></datafield><datafield ind1="1" ind2=" " tag="362"><subfield code="a">Began in Jan. 1865; ceased with Apr. 5, 1869 issue.</subfield><subfield code="z">Cf. Oehlerts, d. E. Guide to Wis. newspapers.</subfield></datafield><datafield ind1=" " ind2=" " tag="500"><subfield code="a">"Official County paper."</subfield></datafield><datafield ind1=" " ind2=" " tag="500"><subfield code="a">Editor: Jan.-Mar. 1865, F.S. Haughawout; Apr.-Aug. 1865, A.F. Dickinson; Aug. 1865-Apr. 1867, Dickinson and J.E. Duncan; Apr. 1867-1869, J.E. Duncan.</subfield></datafield><datafield ind1=" " ind2=" " tag="588"><subfield code="a">Description based on: Vol. 2, no. 28 (Oct. 18, 1865).</subfield></datafield><datafield ind1=" " ind2=" " tag="752"><subfield code="a">United States</subfield><subfield code="b">Wisconsin</subfield><subfield code="c">Lafayette</subfield><subfield code="d">Darlington.</subfield></datafield><datafield ind1="0" ind2="0" tag="780"><subfield code="t">Fayette County independent</subfield></datafield><datafield ind1="0" ind2="0" tag="785"><subfield code="t">Darlington Republican</subfield></datafield><datafield ind1="1" ind2=" " tag="029"><subfield code="a">AU@</subfield><subfield code="b">000025838009</subfield></datafield></record>